@book{Silge,
author={Julia Silge and David Robinson},
title={Text Mining with R: A Tidy Approach},
year={2017},
publishers={O'Reilly Media},
}

@book{Wickham,
author={Hadley Wickham and Garrett Grolemund},
title={R for Data Science},
year={2017},
publishers={O'Reilly Media},
}

@book{Poe,
author={Edgar Allan Poe},
title={The Masque of the Red Death},
year={2007},
publishers={Perfection Learning; 26128th edition},
}